
@MISC{WEBSITE:1,
	HOWPUBLISHED = "\url{https://digital.fpt.com.vn/dxarticles/xu-ly-ngon-ngu-tu-nhien.html}",
	TITLE = "Xử lý ngôn ngữ tự nhiên: Công nghệ giúp máy tính hiểu và giao tiếp với con người",
	MONTH = "Sep",
	YEAR = "2020"
}


@MISC{WEBSITE:3,
	HOWPUBLISHED = "\url{https://vinbigdata.com/xu-ly-ngon-ngu-tu-nhien-bai-toan-cong-cu-ban-nen-biet/}",
	TITLE = "Xử lý ngôn ngữ tự nhiên: Bài toán và công cụ bạn nên biết",
	MONTH = "August",
	YEAR = "2022"
}


@MISC{NLTK,
	HOWPUBLISHED = "\url{https://viblo.asia/p/tien-xu-li-du-lieu-van-ban-voi-nltk-Az45b0LgZxY}",
	TITLE = "Tiền xử lí dữ liệu văn bản với NLTK",
	MONTH = "Sep",
	YEAR = "2021"
}

@MISC{SPACY,
	HOWPUBLISHED = "\url{https://realpython.com/natural-language-processing-spacy-python/}",
	TITLE = "Natural Language Processing With spaCy in Python",
	AUTHOR = "Taranjeet Singh"
}

@MISC{CORENLP,
	HOWPUBLISHED = "\url{https://stanfordnlp.github.io/stanfordnlp/}",
	TITLE = "StanfordNLP 0.2.0 - Python NLP Library for Many Human Languages"
}

@MISC{WEBSITE:7,
	HOWPUBLISHED = "\url{https://www.geeksforgeeks.org/nlp-gensim-tutorial-complete-guide-for-beginners/}",
	TITLE = "NLP Gensim Tutorial – Complete Guide For Beginners",
	MONTH = "Nov",
	YEAR = "2022"
}

@MISC{WEBSITE:9,
	HOWPUBLISHED = "\url{https://phamdinhkhanh.github.io/2019/01/07/Ky_thuat_feature_engineering.html}",
	AUTHOR = "Phạm Đình Khánh",
	TITLE = "Kĩ thuật feature engineering",
	MONTH = "Jan",
	YEAR = "2019"
}


@MISC{WEBSITE:10,
	HOWPUBLISHED = "\url{https://towardsdatascience.com/understanding-feature-engineering-part-3-traditional-methods-for-text-data-f6f7d70acd41?}",
	AUTHOR = "Dipanjan (DJ) Sarkar",
	TITLE = "Traditional Methods for Text Data",
	MONTH = "Jan",
	YEAR = "2018"
}

@MISC{NGRAM,
	HOWPUBLISHED = "\url{https://vnopenai.github.io/ai-doctor/nlp/vn-accent/n-grams/}",
	AUTHOR = "VNOpenAI",
	TITLE = " Mô hình N-grams - Thêm dấu tiếng Việt",
}


@MISC{NGRAM1,
	HOWPUBLISHED = "\url{https://users.soict.hust.edu.vn/huonglt/UNLP/2_ngrams.pdf?.pdf}",
	AUTHOR = "SOICT - HUST",
	TITLE = "Mô hình ngôn ngữ",
}

@MISC{WEBSITE:10,
	HOWPUBLISHED = "\url{https://towardsdatascience.com/understanding-feature-engineering-part-3-traditional-methods-for-text-data-f6f7d70acd41}",
	AUTHOR = "Dipanjan (DJ) Sarkar",
	TITLE = " Traditional Methods for Text Data",
}


@MISC{WEBSITE:11,
	HOWPUBLISHED = "\url{https://viblo.asia/p/feature-engineering-phan-4-phuong-phap-xu-ly-truyen-thong-voi-du-lieu-dang-van-ban-text-data-1Je5EvWYKnL}",
	AUTHOR = "Cao Minh Ngọc",
	TITLE = " Phương pháp xử lý truyền thống với dữ liệu dạng văn bản (Text Data)",
}


@MISC{WEBSITE:12,
	HOWPUBLISHED = "\url{https://monkeylearn.com/blog/introduction-to-topic-modeling/}",
	AUTHOR = "MonkeyLearn Blog",
	TITLE = " Topic Modeling: An Introduction",
}


@MISC{WEBSITE:13,
	HOWPUBLISHED = "\url{https://www.datacamp.com/tutorial/discovering-hidden-topics-python}",
	TITLE = "Latent Semantic Analysis using Python",
	MONTH = "Oct",
	YEAR = "2018"
}

@MISC{WEBSITE:14,
	HOWPUBLISHED = "\url{https://phamdinhkhanh.github.io/2019/09/08/LDATopicModel.html}",
	AUTHOR = "Phạm Đình Khánh",
	TITLE = "Thuật toán LDA - Xác định Topic",
	YEAR = "2019"
}


@MISC{WEBSITE:15,
	HOWPUBLISHED = "\url{https://trituenhantao.io/kien-thuc/phan-2-topic-modeling-voi-thu-vien-scikit-learn}",
	TITLE = "Topic Modeling với Scikit Learn",
	MONTH = "Mar",
	YEAR = "2019"
}

@MISC{WEBSITE:16,
	HOWPUBLISHED = "\url{https://towardsdatascience.com/understanding-feature-engineering-part-4-deep-learning-methods-for-text-data-96c44370bbfa}",
	TITLE = "A hands-on intuitive approach to Deep Learning Methods for Text Data — Word2Vec, GloVe and FastText",
	MONTH = "Mar",
	YEAR = "2018"
}



@MISC{WEBSITE:17,
	HOWPUBLISHED = "\url{https://arxiv.org/pdf/1310.4546.pdf}",
	TITLE = "Distributed Representations of Words and Phrases
	and their Compositionality",
	AUTHOR = "Tomas Mikolov and Google Inc. Co-Workers"
}


@MISC{WEBSITE:18,
	HOWPUBLISHED = "\url{https://arxiv.org/pdf/1301.3781.pdf}",
	TITLE = "Efficient Estimation of Word Representations in
	Vector Space",
	AUTHOR = "Tomas Mikolov and Google Inc. Co-Workers"
}



@MISC{WEBSITE:19,
	HOWPUBLISHED = "\url{https://viblo.asia/p/feature-engineering-phan-5-phuong-phap-nang-cao-de-xu-ly-du-lieu-dang-van-ban-phi-cau-truc-12-Qbq5QpgzlD8}",
	TITLE = "Feature Engineering (Phần 5): Phương pháp nâng cao để xử lý dữ liệu dạng văn bản, phi cấu trúc (1/2)",
	AUTHOR = "Cao Minh Ngọc",
	MONTH = "Aug",
	YEAR = "2019"
}